@phdthesis{Doe11,
  title={The Title},
  author={Doe, J.},
  year={2011},
  school={University of Mars}
}